@article{kolda_2003,
author = {Kolda, T. and Lewis, R. and Torczon, V.},
title = {Optimization by Direct Search: New Perspectives on Some Classical and Modern Methods},
journal = {SIAM Review},
volume = {45},
number = {3},
pages = {385-482},
year = {2003},
doi = {10.1137/S003614450242889},

URL = { 
        http://dx.doi.org/10.1137/S003614450242889
    
},
eprint = { 
        http://dx.doi.org/10.1137/S003614450242889
    
}

}

