@article{chen_2005,
title = "Cascading dynamics and mitigation assessment in power system disturbances via a hidden failure model ",
journal = "International Journal of Electrical Power and Energy Systems ",
volume = "27",
number = "4",
pages = "318 - 326",
year = "2005",
note = "",
issn = "0142-0615",
doi = "http://dx.doi.org/10.1016/j.ijepes.2004.12.003",
url = "http://www.sciencedirect.com/science/article/pii/S0142061505000232",
author = "Jie Chen and James S. Thorp and Ian Dobson",
keywords = "Power system reliability",
keywords = "Protective relaying hidden failures",
keywords = "Blackout mitigation "
}



@article{carreras_2002,
   author = "Carreras, B. A. and Lynch, V. E. and Dobson, I. and Newman, D. E.",
   title = "Critical points and transitions in an electric power transmission model for cascading failure blackouts",
   journal = "Chaos: An Interdisciplinary Journal of Nonlinear Science",
   year = "2002",
   volume = "12",
   number = "4", 
   eid = "" ,
   pages = "985-994",
   url = "http://scitation.aip.org/content/aip/journal/chaos/12/4/10.1063/1.1505810",
   doi = "http://dx.doi.org/10.1063/1.1505810" 
}



@article{dobson_2007,
   author = "Dobson, Ian and Carreras, Benjamin A. and Lynch, Vickie E. and Newman, David E.",
   title = "Complex systems analysis of series of blackouts: Cascading failure, critical points, and self-organization",
   journal = "Chaos: An Interdisciplinary Journal of Nonlinear Science",
   year = "2007",
   volume = "17",
   number = "2", 
   eid = 026103,
   pages = "-",
   url = "http://scitation.aip.org/content/aip/journal/chaos/17/2/10.1063/1.2737822",
   doi = "http://dx.doi.org/10.1063/1.2737822" 
}


@inproceedings{hines_2011,
language = {English},
copyright = {Compilation and indexing terms, Copyright 2014 Elsevier Inc.},
copyright = {Compendex},
title = {Topological models and critical slowing down: Two approaches to power system blackout risk analysis},
booktitle = {Proceedings of the Annual Hawaii International Conference on System Sciences},
author = {Hines, Paul and Cotilla-Sanchez, Eduardo and Blumsack, Seth},
year = {2011},
pages = {University of Hawai'i at Manoa, Shidler College of Business - },
issn = {15301605},
address = {Koloa, Kauai, HI, United states},
}
