

@conference{Dobson_2001,
  author =       {I. Dobson, B. A. Carreras, V.E. Lynch, D. E. Newman},
  title =        {An initial model for complex dynamics in electric power system blackouts},
  journal =      "Hawaii International Conference on System Science",
  year =         {2001},
  month =     {January}
}

@article{Carreras_2004,
  author =       {I. Dobson, B. A. Carreras, V.E. Lynch, D. E. Newman},
  title =        {Complex dynamics of blackouts in power transmission systems},
  journal =      "Chaos",
  year =         {2004},
  volume =    {14},
  number =    {3},
  month =     {September},
}



@article{Dobson_2005,
  author =       {I. Dobson, B. A. Carreras, V.E. Lynch, D. E. Newman},
  title =        {Estimating failure propagation in models of cascading blackouts},
  journal =      "Probability in the Engineering and Informational Sciences",
  year =         {2005},
  volume =    {19},
}


@article{high_temp_std,
  author =       {IEEE Power Engineering Society},
  title =        {Effects of High-Temperature Operation on Conductors, Connectors, and Accessories},
  journal =      "IEEE Standards",
  year =         {2005}
}

@article{unit_commit,
  author =       {Laothumyingyong, N., Damrongkulkamjorn, P.},
  title =        {Security-constrained unit commitment using Mixed-Integer Programming with Benders Decomposition},
  journal =      "Internation conference on Electrical Engineering/ Electronics Computer Telecommunications and Information Technology",
  year =         {2010}
}

@article{line_switch,
 author = 	{ Fisher, E., O'Neill, R., Ferris, M. },
 title = 		{Optimal Transmission Switching},
 journal = 	"Power and Energy Society General Meeting",
 year = 	{2009}
}

@article{vul_region,
 author = 	{ Hongshan Zhao, Chao Zhang, Hui Ren },
 title = 		{Power transmission network vulnerable region identifying based on complex network theory},
 journal = 	"Electric Utility Deregulation and Restructuring and Power Technologies",
 year = 	{2008}
}


@article{cata_failure,
 author = 	{ Hazra, J., Sinha, A.K. },
 title = 		{Identification of catastrophic failures in power systems using pattern recognition},
 journal = 	"Power India Conference",
 year = 	{2006}
